<?xml version="1.0" encoding="UTF-8" ?><xb:digital_entity_call xmlns:xb="http://com/exlibris/digitool/repository/api/xmlbeans"><xb:digital_entity><pid>128888</pid><control><label>Analýza procesu získávání, výběru a orientace pracovníků</label><note>FFUK</note><ingest_id xsi:nil="true" xmlns:xsi="http://www.w3.org/2001/XMLSchema-instance"/><ingest_name xsi:nil="true" xmlns:xsi="http://www.w3.org/2001/XMLSchema-instance"/><entity_type>COMPLEX</entity_type><entity_group xsi:nil="true" xmlns:xsi="http://www.w3.org/2001/XMLSchema-instance"/><usage_type>VIEW_MAIN</usage_type><preservation_level>any</preservation_level><partition_a>ckis_ok</partition_a><partition_b>ckis_ok</partition_b><partition_c xsi:nil="true" xmlns:xsi="http://www.w3.org/2001/XMLSchema-instance"/><status xsi:nil="true" xmlns:xsi="http://www.w3.org/2001/XMLSchema-instance"/><creation_date>2010-05-31 02:12:28</creation_date><creator>super:BVLA</creator><modification_date>2013-05-24 14:29:41</modification_date><modified_by>viewer:internal</modified_by><admin_unit>DUR01</admin_unit></control><mds><md shared="false"><mid>1791141</mid><description> </description><name>descriptive</name><type>marc</type><value><![CDATA[<record xmlns="http://www.loc.gov/MARC21/slim" xmlns:xsi="http://www.w3.org/2001/XMLSchema-instance" xsi:schemaLocation="http://www.loc.gov/MARC21/slim http://www.loc.gov/standards/marcxml/schema/MARC21slim.xsd"><leader>02053ctm a22003137a 4500</leader><controlfield tag="001">000621137</controlfield><controlfield tag="003">CZ PrCU</controlfield><controlfield tag="005">20100531015916.0</controlfield><controlfield tag="008">050719s2005    xr |||||r|||||||||||cze|d</controlfield><datafield tag="040" ind1=" " ind2=" "><subfield code="a">ABD001</subfield><subfield code="b">cze</subfield><subfield code="c">ABD001</subfield><subfield code="d">ABD001</subfield></datafield><datafield tag="041" ind1="0" ind2=" "><subfield code="a">cze</subfield></datafield><datafield tag="100" ind1="1" ind2=" "><subfield code="a">Růžičková, Miroslava</subfield><subfield code="4">dis</subfield></datafield><datafield tag="245" ind1="1" ind2="0"><subfield code="a">Analýza procesu získávání, výběru a orientace pracovníků</subfield><subfield code="h">[rukopis] /</subfield><subfield code="c">Miroslava Růžičková ; ved. bakal. práce Renata Kocianová</subfield></datafield><datafield tag="260" ind1=" " ind2=" "><subfield code="a">Praha,</subfield><subfield code="c">2005</subfield></datafield><datafield tag="300" ind1=" " ind2=" "><subfield code="a">58 s., příl.</subfield></datafield><datafield tag="502" ind1=" " ind2=" "><subfield code="a">Bakalářská práce (Bc.)--Univerzita Karlova. Filozofická fakulta. Katedra andragogiky a personálního řízení, 2005</subfield></datafield><datafield tag="504" ind1=" " ind2=" "><subfield code="a">Obsahuje bibliografii na s.57</subfield></datafield><datafield tag="520" ind1=" " ind2=" "><subfield code="a">V současné době, kdy se technické možnosti významných společností stále více vyrovnávají, vystupuje čím dál zřetelněji do popředí jako rozhodující faktor úspěchu člověk. Můžeme říci, že lidské zdroj e jsou jedním z kritických faktorů úspěchu společnosti. Firmy potřebuj í k dosažení svých podnikatelských plánů zaměstnance s odpovídajícími schopnostmi a motivací. Získávání, výběr a orientace pracovníků, tedy činnosti, které stoj í spolu s pracovní analýzou na počátku řetězce veškerých personálních procesů ve firmě, neustále nabývají na významu. Ačkoli ani ostatní oblasti řízení lidských zdrojů si nezasluhují o nic méně pozornosti, dá se říci, že problematika získávání a výběru by měla být pro firmu oblastí primárního zájmu. Cílem práce je představit proces získávání, výběru a orientace pracovníků jako efektivní a perspektivní nástroj managementu i možnou odpověď na současné trendy v těchto personálních činnostech.</subfield><subfield code="9">cze</subfield></datafield><datafield tag="650" ind1="0" ind2="7"><subfield code="a">Konkurs</subfield><subfield code="2">phffuk</subfield></datafield><datafield tag="650" ind1="0" ind2="7"><subfield code="a">lidský kapitál</subfield><subfield code="2">phffuk</subfield></datafield><datafield tag="650" ind1="0" ind2="7"><subfield code="a">personální management</subfield><subfield code="2">phffuk</subfield></datafield><datafield tag="650" ind1="0" ind2="7"><subfield code="a">přijímací pohovory</subfield><subfield code="2">phffuk</subfield></datafield><datafield tag="650" ind1="0" ind2="7"><subfield code="a">Pracovníci</subfield><subfield code="2">phffuk</subfield></datafield><datafield tag="655" ind1=" " ind2="7"><subfield code="a">bakalářské práce</subfield><subfield code="7">fd132403</subfield><subfield code="2">czenas</subfield></datafield><datafield tag="700" ind1="1" ind2=" "><subfield code="a">Kocianová, Renata,</subfield><subfield code="d">1964-</subfield><subfield code="7">mzk2005282208</subfield><subfield code="4">ths</subfield></datafield><datafield tag="710" ind1="2" ind2=" "><subfield code="a">Univerzita Karlova.</subfield><subfield code="b">Katedra andragogiky a personálního řízení</subfield><subfield code="7">kn20030514003</subfield><subfield code="4">dgg</subfield></datafield><datafield tag="910" ind1=" " ind2=" "><subfield code="a">ABD001</subfield></datafield><datafield tag="997" ind1=" " ind2=" "><subfield code="a">DS</subfield></datafield><controlfield tag="998">000621137</controlfield><datafield tag="SID" ind1=" " ind2=" "><subfield code="a">Z39</subfield><subfield code="b">CKS01</subfield></datafield><controlfield tag="FMT">BK</controlfield></record>]]></value></md><md shared="true"><mid>308756</mid><description> </description><name>accessrights</name><type>rights_md</type><value><![CDATA[<?xml version="1.0" encoding="UTF-8"?><ar:access_right_md xmlns:ar="http://com/exlibris/digitool/repository/api/xmlbeans" enabled="true"><ar_copyrights required="true"><text_file>licence</text_file></ar_copyrights><ar_conditions><ar_condition negate="false"><ar_expressions><ar_expression negate="false" ar_operation="within"><key>not_guest</key><val1></val1></ar_expression></ar_expressions></ar_condition></ar_conditions></ar:access_right_md>]]></value></md></mds><relations><relation><type>include</type><pid>127141</pid></relation><relation><type>include</type><pid>127142</pid></relation><relation><type>include</type><pid>127143</pid></relation><relation><type>manifestation</type><pid>530427</pid></relation></relations><stream_ref><file_name xsi:nil="true" xmlns:xsi="http://www.w3.org/2001/XMLSchema-instance"/><file_extension xsi:nil="true" xmlns:xsi="http://www.w3.org/2001/XMLSchema-instance"/><mime_type xsi:nil="true" xmlns:xsi="http://www.w3.org/2001/XMLSchema-instance"/><directory_path xsi:nil="true" xmlns:xsi="http://www.w3.org/2001/XMLSchema-instance"/><file_id xsi:nil="true" xmlns:xsi="http://www.w3.org/2001/XMLSchema-instance"/><storage_id>-1</storage_id><external_type>0</external_type><file_size_bytes>0</file_size_bytes></stream_ref></xb:digital_entity></xb:digital_entity_call>